
@book{goody_raison_1979,
  series = {Le sens commun},
  title = {La {Raison} graphique. {La} domestication de la pens√©e sauvage.},
  publisher = {Les Editions de Minuit},
  author = {Goody, Jack},
  year = {1979},
}